@article{kelleher2016efficient,
  title={Efficient coalescent simulation and genealogical analysis for large sample sizes},
  author={Kelleher, Jerome and Etheridge, Alison M and McVean, Gilean},
  journal={PLoS computational biology},
  volume={12},
  number={5},
  pages={e1004842},
  year={2016},
  publisher={Public Library of Science}
}

@article{kelleher2018efficient,
    author = {Kelleher, Jerome AND Thornton, Kevin R. AND Ashander, Jaime AND
        Ralph, Peter L.},
    journal = {PLOS Computational Biology},
    publisher = {Public Library of Science},
    title = {Efficient pedigree recording for fast population genetics simulation},
    year = {2018},
    month = {11},
    volume = {14},
    url = {https://doi.org/10.1371/journal.pcbi.1006581},
    pages = {1-21},
    number = {11},
    doi = {10.1371/journal.pcbi.1006581}
}

@article{haller2018tree,
    title={Tree-sequence recording in {SLiM} opens new horizons for
        forward-time simulation of whole genomes},
    author={Haller, Benjamin C and Galloway, Jared and Kelleher, Jerome and
        Messer, Philipp W and Ralph, Peter L},
    journal={Molecular ecology resources},
    year={2018},
    publisher={Wiley Online Library}
}

@article{kelleher2018inferring,
    title={Inferring the ancestry of everyone},
    author={Kelleher, Jerome and Wong, Yan and Albers, Patrick and Wohns,
        Anthony Wilder and McVean, Gil},
    journal={bioRxiv},
    pages={458067},
    year={2018},
    publisher={Cold Spring Harbor Laboratory}
}

@article{li2003modeling,
  title={Modeling linkage disequilibrium and identifying recombination hotspots using 
      single-nucleotide polymorphism data},
  author={Li, Na and Stephens, Matthew},
  journal={Genetics},
  volume={165},
  number={4},
  pages={2213--2233},
  year={2003},
  publisher={Genetics Soc America}
}

@article{lunter2018haplotype,
    author = {Lunter, Gerton},
    title = {Haplotype matching in large cohorts using the {Li} and {Stephens} model},
    journal = {Bioinformatics},
    volume = {},
    number = {},
    pages = {bty735},
    year = {2018},
    doi = {10.1093/bioinformatics/bty735},
    URL = {http://dx.doi.org/10.1093/bioinformatics/bty735},
}


@article{rosen2018average,
    title={An average-case sublinear exact {Li} and {Stephens} forward algorithm},
    author={Rosen, Yohei and Paten, Benedict},
    journal={bioRxiv},
    pages={322396},
    year={2018},
    publisher={Cold Spring Harbor Laboratory}
}

